<record><leader>00000cas a22000007a 4500</leader><controlfield tag="001">14701242</controlfield><controlfield tag="008">861112d184u1849iauwr ne      0    0eng d</controlfield><datafield ind1=" " ind2=" " tag="010"><subfield code="a">sn 86083352 </subfield></datafield><datafield ind1=" " ind2=" " tag="040"><subfield code="a">NPH</subfield><subfield code="b">eng</subfield><subfield code="c">NPH</subfield><subfield code="d">INP</subfield><subfield code="d">OCLCQ</subfield><subfield code="d">IUL</subfield><subfield code="d">OCLCF</subfield></datafield><datafield ind1=" " ind2=" " tag="042"><subfield code="a">msc</subfield></datafield><datafield ind1=" " ind2=" " tag="043"><subfield code="a">n-us-ia</subfield></datafield><datafield ind1="0" ind2="0" tag="245"><subfield code="a">Weekly miners' express.</subfield></datafield><datafield ind1="3" ind2="0" tag="246"><subfield code="a">Miners' express</subfield></datafield><datafield ind1=" " ind2=" " tag="260"><subfield code="a">DuBuque, Iowa :</subfield><subfield code="b">[s.n.],</subfield><subfield code="c">-1849.</subfield></datafield><datafield ind1=" " ind2=" " tag="300"><subfield code="a">v.</subfield></datafield><datafield ind1=" " ind2=" " tag="310"><subfield code="a">Weekly</subfield></datafield><datafield ind1="0" ind2=" " tag="362"><subfield code="a">-v. 8, no. 33 (Apr. 17, 1849).</subfield></datafield><datafield ind1=" " ind2=" " tag="500"><subfield code="a">Also issued in a semiweekly edition.</subfield></datafield><datafield ind1=" " ind2=" " tag="500"><subfield code="a">Editors: George Greene and Wm. H. Merritt, &lt;1847&gt;.</subfield></datafield><datafield ind1=" " ind2=" " tag="588"><subfield code="a">Description based on: Vol. 7, no. 1 (Sept. 15, 1847).</subfield></datafield><datafield ind1=" " ind2="0" tag="651"><subfield code="a">Dubuque (Iowa)</subfield><subfield code="v">Newspapers.</subfield></datafield><datafield ind1=" " ind2="0" tag="651"><subfield code="a">Dubuque County (Iowa)</subfield><subfield code="v">Newspapers.</subfield></datafield><datafield ind1=" " ind2="7" tag="651"><subfield code="a">Iowa</subfield><subfield code="z">Dubuque.</subfield><subfield code="2">fast</subfield><subfield code="0">(OCoLC)fst01217313</subfield></datafield><datafield ind1=" " ind2="7" tag="651"><subfield code="a">Iowa</subfield><subfield code="z">Dubuque County.</subfield><subfield code="2">fast</subfield><subfield code="0">(OCoLC)fst01212637</subfield></datafield><datafield ind1=" " ind2="7" tag="655"><subfield code="a">Newspapers.</subfield><subfield code="2">fast</subfield><subfield code="0">(OCoLC)fst01423814</subfield></datafield><datafield ind1=" " ind2=" " tag="752"><subfield code="a">United States</subfield><subfield code="b">Iowa</subfield><subfield code="c">Dubuque</subfield><subfield code="d">Dubuque.</subfield></datafield><datafield ind1="0" ind2="0" tag="780"><subfield code="t">Miners' express (Dubuque, Iowa : 1841)</subfield><subfield code="w">(DLC)sn 82014471</subfield><subfield code="w">(OCoLC)8786500</subfield></datafield><datafield ind1="0" ind2="0" tag="785"><subfield code="t">Miners' express (Dubuque, Iowa : 1849)</subfield><subfield code="w">(DLC)sn 86083363</subfield><subfield code="w">(OCoLC)14713578</subfield></datafield></record>